<?xml version="1.0" encoding="UTF-8"?><record xmlns="http://www.loc.gov/MARC21/slim" xmlns:cinclude="http://apache.org/cocoon/include/1.0" xmlns:zs="http://www.loc.gov/zing/srw/">
  <leader>00589nz  a2200133n  4500</leader>
  <controlfield tag="001">no2003082671</controlfield>
  <controlfield tag="003">DLC</controlfield>
  <controlfield tag="005">20030819052519.0</controlfield>
  <controlfield tag="008">030818n| acannaabn          |n ana      </controlfield>
  <datafield tag="010" ind1=" " ind2=" ">
    <subfield code="a">no2003082671</subfield>
  </datafield>
  <datafield tag="035" ind1=" " ind2=" ">
    <subfield code="a">(OCoLC)oca06130554</subfield>
  </datafield>
  <datafield tag="040" ind1=" " ind2=" ">
    <subfield code="a">DLC-S</subfield>
    <subfield code="b">eng</subfield>
    <subfield code="c">DLC-S</subfield>
  </datafield>
  <datafield tag="110" ind1="2" ind2=" ">
    <subfield code="a">Shumenski universitet "Episkop Konstantin Preslavski".</subfield>
    <subfield code="b">Fakultet po bŭlgarska filologii︠a︡, istorii︠a︡, i bogoslovie</subfield>
  </datafield>
  <datafield tag="670" ind1=" " ind2=" ">
    <subfield code="a">Li︠u︡boslovie ili periodichesko spisanie, G. 1, t. 1 (1996):</subfield>
    <subfield code="b">p. [2] (ShU "Episkop Konstantin Preslavski", Fakultet po bŭlgarska filologii︠a︡, istorii︠a︡, i bogoslovie)</subfield>
  </datafield>
</record>